% Bibliography for Beekeepers Community Thesis

@misc{react,
  author = {{Meta Platforms, Inc.}},
  title = {React - A JavaScript library for building user interfaces},
  year = {2024},
  howpublished = {\url{https://react.dev/}},
  note = {Accessed: 2025-05-12}
}

@misc{nestjs,
  author = {{NestJS}} ,
  title = {NestJS - A progressive Node.js framework},
  year = {2024},
  howpublished = {\url{https://nestjs.com/}},
  note = {Accessed: 2025-05-12}
}

@misc{mongodb,
  author = {{MongoDB, Inc.}},
  title = {MongoDB Atlas - The multi-cloud developer data platform},
  year = {2024},
  howpublished = {\url{https://www.mongodb.com/}},
  note = {Accessed: 2025-05-12}
}

@misc{leaflet,
  author = {Volodymyr Agafonkin and contributors},
  title = {Leaflet - an open-source JavaScript library for mobile-friendly interactive maps},
  year = {2024},
  howpublished = {\url{https://leafletjs.com/}},
  note = {Accessed: 2025-05-12}
} 